@Mastersthesis{barra,
	author = {Roberto José Giordano Barra},
	title  ={Combinação de Visão Monocular e Sonares Esparsos para a Localização de Robôs Móveis},
	year = {2007},
	school = {Escola Politécnica da Universidade de São Paulo}}
	
@ARTICLE{nasa,
    author = {Mark Maimone and Yang Cheng and Larry Matthies},
    title = {Two years of visual odometry on the Mars Exploration Rovers},
    journal = {Journal of Field Robotics, Special Issue on Space Robotics},
    year = {2007},
    volume = {24},
    pages = {}
}

	
@ARTICLE{alicesugarcube,
    author = {Caprari, G., Estier, T. and Siegwart, R},
    title = {Fascination of Down Scaling - Alice the Sugar Cube Robot},
    journal = {Journal of Micro-Mechatronics},
    year = {2007},
    volume = {1},
    pages = {177-189}
}