@Mastersthesis{barra,
	author = {Roberto José Giordano Barra},
	title  ={Combinação de Visão Monocular e Sonares Esparsos para a Localização de Robôs Móveis},
	year = {2007},
	school = {Escola Politécnica da Universidade de São Paulo}}
	
	
